@article{LASRY2006619,
    title = "Jeux à champ moyen. I – Le cas stationnaire",
    journal = "Comptes Rendus Mathématique",
    volume = "343",
    number = "9",
    pages = "619 - 625",
    year = "2006",
    issn = "1631-073X",
    doi = "https://doi.org/10.1016/j.crma.2006.09.019",
    url = "http://www.sciencedirect.com/science/article/pii/S1631073X06003682",
    author = "Jean-Michel Lasry and Pierre-Louis Lions",
    abstract = "Résumé
    Nous introduisons ici une approche générale pour modéliser des jeux avec un très grand nombre de joueurs. Plus précisément, nous considérons des équilibres de Nash à N joueurs pour des problèmes stochastiques en temps long et déduisons rigoureusement les équations de type « champ moyen » quand N tend vers l'infini. Nous prouvons également des résultats généraux d'unicité et établissons la limite déterministe. Pour citer cet article : J.-M. Lasry, P.-L. Lions, C. R. Acad. Sci. Paris, Ser. I 343 (2006).
    We introduce here a general approach to model games with a large number of players. More precisely, we consider N players Nash equilibria for long term stochastic problems and establish rigorously the ‘mean field’ type equations as N goes to infinity. We also prove general uniqueness results and determine the deterministic limit. To cite this article: J.-M. Lasry, P.-L. Lions, C. R. Acad. Sci. Paris, Ser. I 343 (2006)."
}

@article{LASRY2006679,
	title = "Jeux à champ moyen. II – Horizon fini et contrôle optimal",
	journal = "Comptes Rendus Mathematique",
	volume = "343",
	number = "10",
	pages = "679 - 684",
	year = "2006",
	issn = "1631-073X",
	doi = "https://doi.org/10.1016/j.crma.2006.09.018",
	url = "http://www.sciencedirect.com/science/article/pii/S1631073X06003670",
	author = "Jean-Michel Lasry and Pierre-Louis Lions",
	abstract = "Résumé
	Nous poursuivons dans cette Note notre étude de la notion de jeux à champ moyen introduite dans une Note précédente. Nous considérons ici le cas d'équilibres de Nash pour des problèmes de type contrôle stochastique en horizon fini. Nous donnons des résultats généraux d'existence et d'unicité pour les systèmes d'équations aux dérivées partielles ainsi obtenus. Et nous montrons une interprétation possible de ces systèmes en terme de contrôle optimal. Pour citer cet article : J.-M. Lasry, P.-L. Lions, C. R. Acad. Sci. Paris, Ser. I 343 (2006).
	We continue in this Note our study of the notion of mean field games that we introduced in a previous Note. We consider here the case of Nash equilibria for stochastic control type problems in finite horizon. We present general existence and uniqueness results for the partial differential equations systems that we introduce. We also give a possible interpretation of these systems in term of optimal control. To cite this article: J.-M. Lasry, P.-L. Lions, C. R. Acad. Sci. Paris, Ser. I 343 (2006)."
}

@unpublished{benamou:hal-01295299,
	TITLE = {{Variational Mean Field Games}},
	AUTHOR = {Benamou, Jean-David and Carlier, Guillaume and Santambrogio, Filippo},
	URL = {https://hal.archives-ouvertes.fr/hal-01295299},
	NOTE = {working paper or preprint},
	YEAR = {2016},
	MONTH = Mar,
	PDF = {https://hal.archives-ouvertes.fr/hal-01295299/file/BenCarSan-v4.pdf},
	HAL_ID = {hal-01295299},
	HAL_VERSION = {v1},
}

@article{benamou2015lagrangian,
	author = {Benamou, Jean-David and Carlier, Guillaume},
	year = {2015},
	month = {03},
	pages = {},
	title = {Augmented Lagrangian Methods for Transport Optimization, Mean Field Games and Degenerate Elliptic Equations},
	volume = {167},
	journal = {Journal of Optimization Theory and Applications},
	doi = {10.1007/s10957-015-0725-9}
}

@misc{benamou2018entropy,
	title={An entropy minimization approach to second-order variational mean-field games},
	author={Jean-David Benamou and Guillaume Carlier and Simone Di Marino and Luca Nenna},
	year={2018},
	eprint={1807.09078},
	archivePrefix={arXiv},
	primaryClass={math.OC}
}

@article{achdou:hal-01456506,
	TITLE = {{Mean Field Games: Convergence of a Finite Difference Method}},
	AUTHOR = {Achdou, Yves and Camilli, Fabio and Capuzzo-Dolcetta, Italo},
	URL = {https://hal.archives-ouvertes.fr/hal-01456506},
	JOURNAL = {{SIAM Journal on Numerical Analysis}},
	PUBLISHER = {{Society for Industrial and Applied Mathematics}},
	VOLUME = {51},
	PAGES = {2585 - 2612},
	YEAR = {2013},
	DOI = {10.1137/120882421},
	KEYWORDS = {Mean field games ; finite difference schemes ; convergence AMS subject classifications 65M06 ; 65M012 ; 9108 ; 91A23 ; 49L25},
	PDF = {https://hal.archives-ouvertes.fr/hal-01456506/file/YAFCICD.pdf},
	HAL_ID = {hal-01456506},
	HAL_VERSION = {v1},
}



@incollection{cuturi2013sinkhorn,
	title = {Sinkhorn Distances: Lightspeed Computation of Optimal Transport},
	author = {Cuturi, Marco},
	booktitle = {Advances in Neural Information Processing Systems 26},
	editor = {C. J. C. Burges and L. Bottou and M. Welling and Z. Ghahramani and K. Q. Weinberger},
	pages = {2292--2300},
	year = {2013},
	publisher = {Curran Associates, Inc.},
	url = {http://papers.nips.cc/paper/4927-sinkhorn-distances-lightspeed-computation-of-optimal-transport.pdf}
}

@online{cardaMFGnotes2013,
	author = {Pierre Cardaliaguet},
	title = {Notes on Mean-Field Games},
	date = {2013},
	url = {https://www.ceremade.dauphine.fr/~cardaliaguet/MFG20130420.pdf},
}

@misc{chizat2016scaling,
	title={Scaling Algorithms for Unbalanced Transport Problems},
	author={Lenaic Chizat and Gabriel Peyré and Bernhard Schmitzer and François-Xavier Vialard},
	year={2016},
	eprint={1607.05816},
	archivePrefix={arXiv},
	primaryClass={math.OC}
}

@article{cvxpy,
	author  = {Steven Diamond and Stephen Boyd},
	title   = {{CVXPY}: A {P}ython-Embedded Modeling Language for Convex Optimization},
	journal = {Journal of Machine Learning Research},
	year    = {2016},
	volume  = {17},
	number  = {83},
	pages   = {1--5},
}

@article{Zhao2004AFS,
	title={A fast sweeping method for Eikonal equations},
	author={Hongkai Zhao},
	journal={Math. Comput.},
	year={2004},
	volume={74},
	pages={603-627}
}