@article{LASRY2006619,
    title = "Jeux à champ moyen. I – Le cas stationnaire",
    journal = "Comptes Rendus Mathématique",
    volume = "343",
    number = "9",
    pages = "619 - 625",
    year = "2006",
    issn = "1631-073X",
    doi = "https://doi.org/10.1016/j.crma.2006.09.019",
    url = "http://www.sciencedirect.com/science/article/pii/S1631073X06003682",
    author = "Jean-Michel Lasry and Pierre-Louis Lions",
    abstract = "Résumé
    Nous introduisons ici une approche générale pour modéliser des jeux avec un très grand nombre de joueurs. Plus précisément, nous considérons des équilibres de Nash à N joueurs pour des problèmes stochastiques en temps long et déduisons rigoureusement les équations de type « champ moyen » quand N tend vers l'infini. Nous prouvons également des résultats généraux d'unicité et établissons la limite déterministe. Pour citer cet article : J.-M. Lasry, P.-L. Lions, C. R. Acad. Sci. Paris, Ser. I 343 (2006).
    We introduce here a general approach to model games with a large number of players. More precisely, we consider N players Nash equilibria for long term stochastic problems and establish rigorously the ‘mean field’ type equations as N goes to infinity. We also prove general uniqueness results and determine the deterministic limit. To cite this article: J.-M. Lasry, P.-L. Lions, C. R. Acad. Sci. Paris, Ser. I 343 (2006)."
}

@article{LASRY2006679,
	title = "Jeux à champ moyen. II – Horizon fini et contrôle optimal",
	journal = "Comptes Rendus Mathematique",
	volume = "343",
	number = "10",
	pages = "679 - 684",
	year = "2006",
	issn = "1631-073X",
	doi = "https://doi.org/10.1016/j.crma.2006.09.018",
	url = "http://www.sciencedirect.com/science/article/pii/S1631073X06003670",
	author = "Jean-Michel Lasry and Pierre-Louis Lions",
	abstract = "Résumé
	Nous poursuivons dans cette Note notre étude de la notion de jeux à champ moyen introduite dans une Note précédente. Nous considérons ici le cas d'équilibres de Nash pour des problèmes de type contrôle stochastique en horizon fini. Nous donnons des résultats généraux d'existence et d'unicité pour les systèmes d'équations aux dérivées partielles ainsi obtenus. Et nous montrons une interprétation possible de ces systèmes en terme de contrôle optimal. Pour citer cet article : J.-M. Lasry, P.-L. Lions, C. R. Acad. Sci. Paris, Ser. I 343 (2006).
	We continue in this Note our study of the notion of mean field games that we introduced in a previous Note. We consider here the case of Nash equilibria for stochastic control type problems in finite horizon. We present general existence and uniqueness results for the partial differential equations systems that we introduce. We also give a possible interpretation of these systems in term of optimal control. To cite this article: J.-M. Lasry, P.-L. Lions, C. R. Acad. Sci. Paris, Ser. I 343 (2006)."
}

@unpublished{benamou:hal-01295299,
	TITLE = {{Variational Mean Field Games}},
	AUTHOR = {Benamou, Jean-David and Carlier, Guillaume and Santambrogio, Filippo},
	URL = {https://hal.archives-ouvertes.fr/hal-01295299},
	NOTE = {working paper or preprint},
	YEAR = {2016},
	MONTH = Mar,
	PDF = {https://hal.archives-ouvertes.fr/hal-01295299/file/BenCarSan-v4.pdf},
	HAL_ID = {hal-01295299},
	HAL_VERSION = {v1},
}
